<record><leader>00000cas a2200000 a 4500</leader><controlfield tag="001">27668194</controlfield><controlfield tag="008">930304d19321934iluwr ne      0   a0eng c</controlfield><datafield ind1=" " ind2=" " tag="010"><subfield code="a">sn 93055622 </subfield></datafield><datafield ind1=" " ind2=" " tag="040"><subfield code="a">NVF</subfield><subfield code="b">eng</subfield><subfield code="c">NVF</subfield><subfield code="d">OCLCQ</subfield><subfield code="d">NVF</subfield><subfield code="d">OCLCQ</subfield><subfield code="d">NVF</subfield><subfield code="d">OCLCO</subfield><subfield code="d">OCLCF</subfield></datafield><datafield ind1="1" ind2=" " tag="029"><subfield code="a">AU@</subfield><subfield code="b">000040517863</subfield></datafield><datafield ind1=" " ind2=" " tag="042"><subfield code="a">pcc</subfield></datafield><datafield ind1=" " ind2=" " tag="043"><subfield code="a">n-us-il</subfield></datafield><datafield ind1="0" ind2="4" tag="245"><subfield code="a">The Dongola record.</subfield></datafield><datafield ind1=" " ind2=" " tag="260"><subfield code="a">Dongola, Ill. :</subfield><subfield code="b">James H. Allen,</subfield><subfield code="c">1932-1934.</subfield></datafield><datafield ind1=" " ind2=" " tag="300"><subfield code="a">v.</subfield></datafield><datafield ind1=" " ind2=" " tag="310"><subfield code="a">Weekly</subfield></datafield><datafield ind1="0" ind2=" " tag="362"><subfield code="a">Vol. 1, no. 1 (July 21, 1932)-v. 2, no. 35 (Mar. 29, 1934).</subfield></datafield><datafield ind1=" " ind2="0" tag="651"><subfield code="a">Dongola (Ill.)</subfield><subfield code="v">Newspapers.</subfield></datafield><datafield ind1=" " ind2="7" tag="655"><subfield code="a">Newspapers.</subfield><subfield code="2">fast</subfield><subfield code="0">(OCoLC)fst01423814</subfield></datafield><datafield ind1=" " ind2="7" tag="651"><subfield code="a">Illinois</subfield><subfield code="z">Dongola.</subfield><subfield code="2">fast</subfield><subfield code="0">(OCoLC)fst01926139</subfield></datafield><datafield ind1=" " ind2=" " tag="752"><subfield code="a">United States</subfield><subfield code="b">Illinois</subfield><subfield code="c">Union</subfield><subfield code="d">Dongola.</subfield></datafield><datafield ind1="0" ind2="0" tag="785"><subfield code="t">Dongola tri-county record</subfield><subfield code="w">(DLC)sn 93055623</subfield><subfield code="w">(OCoLC)27668284</subfield></datafield></record>